<?xml version="1.0" encoding="UTF-8"?><collection xmlns="http://www.loc.gov/MARC21/slim"><record><leader>00658nam--2200181-i-4500</leader><controlfield tag="001">000010953</controlfield><controlfield tag="002">20161230</controlfield><controlfield tag="005">20161230201029</controlfield><controlfield tag="008">060222s1000------------r-----000-0-fre-d</controlfield><datafield ind1=" " ind2=" " tag="040"><subfield code="a">IFIN-HH</subfield></datafield><datafield ind1=" " ind2=" " tag="041"><subfield code="a">fre</subfield></datafield><datafield ind1=" " ind2=" " tag="080"><subfield code="a">539.186.3(043)</subfield></datafield><datafield ind1="1" ind2=" " tag="100"><subfield code="a">Dagnac, Rene</subfield></datafield><datafield ind1="1" ind2="0" tag="245"><subfield code="a">Mesure absolue des sections efficaces totales de capture, de perte d'electrons et de dissociation pour des ions h1, h2, h3, recontrant une cible de vapeur d'eau; spectre d'energie des fragments charges produits</subfield><subfield code="b">These</subfield><subfield code="c">Rene dagnac</subfield></datafield><datafield ind1=" " ind2=" " tag="260"><subfield code="a">Toulouse</subfield><subfield code="b">Universite Paul-sabatier De Toulouse</subfield><subfield code="c">1972</subfield></datafield><datafield ind1=" " ind2=" " tag="300"><subfield code="a">144P</subfield></datafield><datafield ind1=" " ind2=" " tag="852"><subfield code="a">40399</subfield><subfield code="c">539.18</subfield></datafield><datafield ind1=" " ind2=" " tag="CAT"><subfield code="a">Sys</subfield><subfield code="c">20120703</subfield><subfield code="h">113628</subfield></datafield></record></collection>